
@book{深度学习,
	title={Deep Learning},
	author={Ian Goodfellow and Yoshua Bengio and Aaron Courville},
	publisher={MIT Press},
	year={2016},
	address={MA},
}

@book{西瓜书,
	title={机器学习},
	author={周志华},
	publisher={清华大学出版社},
	year={2015},
	address={北京},
}

@article{DNN,
	author={Sze, Vivienne and Chen, Yu-Hsin and Yang, Tien-Ju and Emer, Joel S.},
	journal={Proceedings of the IEEE}, 
	title={Efficient Processing of Deep Neural Networks: A Tutorial and Survey}, 
	year={2017},
	volume={105},
	number={12},
	pages={2295-2329},
}

@misc{CNN,
	mark = {EB/OL},
	author = {Isma Hadji and Richard P. Wildes},
	title  = {What Do We Understand About Convolutional Networks},
	year      = {2018},
	note = {ArXiv preprint ArXiv: 1803.08834}
}


@proceedings{resnet,
	author    = {Kaiming He and Xiangyu Zhang and Shaoqing Ren and Jian Sun},
	title     = {Deep Residual Learning for Image Recognition},
	year      = {2016},
	pages     = {770--778},
	organization= {IEEE/CVF Conference on Computer Vision and Pattern Recognition}
}


